@article{guo2022pid,
  title={PID-like active impedance control for electroacoustic resonators to design tunable single-degree-of-freedom sound absorbers},
  author={Guo, Xinxin and Volery, Maxime and Lissek, Herv{\'e}},
  journal={Journal of Sound and Vibration},
  volume={525},
  pages={116784},
  year={2022},
  publisher={Elsevier}
}