@article{yamada2024innovative,
  title={Innovative Approaches in Quantum Computing Algorithms},
  author={Yamada, Taro and Nakamura, Yuki and Sato, Kenji},
  journal={Journal of Advanced Computing},
  volume={58},
  number={4},
  pages={1023-1042},
  year={2024},
  publisher={Tech Press}
}

@book{smith2022advanced,
  title={Advanced Robotics: Concepts and Implementations},
  author={Smith, John and Doe, Jane},
  publisher={XYZ Publishing},
  year={2022}
}

@inproceedings{jones2021efficient,
  title={Efficient Algorithms for Deep Learning},
  author={Jones, Alice and Taylor, Bob},
  booktitle={Proceedings of the International Conference on Machine Learning},
  pages={123-130},
  year={2021}
}
